2480 3986
60 175 64 187 “
160 209 180 267 ι
393 188 777 259 scamaros
893 179 897 197 ¹

138 331 140 337 γ
162 365 238 443 rint,
264 381 358 426 namo
379 367 426 422 est
445 356 501 444 qui
521 355 657 444 ignoret.
701 347 834 436 Semper
854 353 959 411 autern
974 344 1012 408 in
1035 369 1090 407 aa·

162 487 256 538 scente
271 466 327 531 illo
340 495 434 553 puero
454 487 484 530 ι.
496 467 528 540 8.
544 433 1089 556 inteliigandusmihiquoquevisus

90 559 118 591 ⁸⁴
162 587 209 642 est
226 576 417 664 Augustus
407 594 488 684 ipse,
513 565 602 654 cujus
624 566 667 632 'ad
688 587 783 630 cunas
802 563 960 628 adstare
944 584 977 626 se
995 557 1088 646 fingit

74 669 76 697 ¹
163 681 325 770 Virgilius,
348 668 477 766 ejusque
493 673 574 740 facta
593 673 624 744 at
641 671 703 741 tata
724 671 829 736 dicere
852 667 1027 734 secundum
1049 665 1088 728 li·
1145 703 1155 724 f

162 791 239 856 bros
256 787 440 876 Sibyllinos,
465 781 649 866 rationeque
664 778 769 844 habita
787 778 928 858 illorum,
950 771 1088 862 quaeda

163 901 309 994 Augusto
330 897 491 960 nascituro
519 901 552 955 et
566 887 703 966 infante
712 888 805 954 tradit
826 888 913 953 Suet
939 885 1010 951 Oct
1035 890 1095 960 94..

42 1077 44 1088 .
164 1003 549 1096 Eamintcrpratationem
563 982 828 1084 nonimprobans
845 995 920 1060 Joh
943 993 1028 1057 Lud.
1048 985 1088 1054 cte

160 1113 310 1182 tacenda
326 1122 430 1182 tamen
447 1109 584 1177 dubitari
599 1130 666 1174 non
676 1128 770 1195 posse
783 1115 883 1210 putat,
905 1105 983 1196 quin
995 1122 1089 1190 quaa-

168 1219 265 1285 dam
255 1243 290 1283 ιιι
305 1219 367 1282 hoc
380 1216 487 1302 idyllia
503 1214 692 1303 accipienda-
700 1215 770 1279 sint
772 1215 815 1279 de
834 1213 996 1294 Salonino,
1018 1210 1089 1274 Pol-

65 1332 67 1348 '
166 1327 259 1391 lionis
274 1324 353 1408 filio,
375 1325 460 1391 velut
479 1321 531 1386 illa
554 1345 584 1388 v.
602 1335 665 1392 ll·=
705 1333 801 1408 Teque
826 1334 897 1388 odeo
924 1331 1009 1388 decus
1023 1328 1089 1385 hoc

165 1448 236 1517 aas,
266 1442 538 1514 resonuerunt,
559 1441 661 1499 Ροιιιο.
702 1429 740 1496 ln
758 1453 822 1519 quo
843 1415 1091 1496 dissentiendum

165 1544 257 1610 nobis
270 1553 322 1608 ast
339 1566 357 1607 a
372 1541 441 1607 viro
456 1541 549 1606 docto
568 1563 641 1605 cum
657 1551 827 1629 propterea
843 1541 973 1628 quod'
947 1561 1013 1626 epus
1035 1539 1090 1603 Sa·
1100 1533 1104 1546 ’
1230 1582 1231 1616 ;

167 1651 270 1719 lonini
291 1653 415 1719 nullum
437 1654 536 1719 estin
561 1653 628 1717 toto
656 1652 795 1717 carmine
806 1649 992 1750 indicium,
1021 1660 1091 1716 tum

166 1764 252 1850 quia,
273 1785 353 1851 quaa
373 1762 426 1826 hic
441 1749 731 1825 commemorantur
755 1756 881 1826 alterius
904 1759 1010 1824 aetatis
1037 1783 1090 1824 ιιι-
1102 1744 1125 1824 .-

168 1891 239 1934 raae
259 1869 420 1949 miracula,
444 1891 479 1932 aa
496 1871 636 1956 necesse
641 1891 707 1961 non
727 1879 827 1938 estut
847 1868 913 1940 ab
903 1870 979 1982 apsis
997 1869 1091 1985 pueri
1113 1847 1117 1856 ¹

167 1974 341 2039 natalibus
332 1975 472 2062 incipere
485 1973 546 2038 dici
562 1975 789 2058 existimentur,
803 1975 863 2047 sed
870 1975 932 2039 ad
908 1973 1090 2070 insequens¹

168 2070 294 2170 aliquod
311 2093 434 2171 tempus
456 2083 570 2148 referri
593 2086 744 2172 possunt,
770 2087 839 2170 quo
862 2063 974 2148 consul
995 2082 1092 2148 fuerit

166 2187 279 2256 Pollio.
305 2188 535 2292 idqueteanpus
550 2190 759 2281 intelligamus
774 2188 846 2261 licat
862 2185 1037 2255 ¹annumU.
1052 2187 1090 2274 C.

85 2315 90 2332 ¹
172 2303 257 2375 714„
276 2315 340 2380 quo
353 2316 438 2368 anno
448 2293 596 2360 Potticnis
608 2297 745 2360 consutis
757 2306 788 2360 et
804 2283 996 2362 Maecenatis
1018 2309 1091 2397 ope·

170 2421 206 2461 ra
224 2422 284 2485 pax
303 2403 477 2488 composita
498 2405 563 2468 suit
588 2403 750 2474 Brundisii
764 2404 952 2489 Augustum·
963 2389 1046 2468 inter
1062 2412 1093 2470 at

122 2523 124 2527 ·
169 2505 218 2568 Μ.
239 2507 430 2590 Antonium,
459 2509 596 2575 maxima
616 2510 743 2598 q'uidern
763 2509 874 2597 populi
895 2511 987 2576 Ram.
1010 2512 1095 2604 laeti·

109 2604 111 2610 ’
171 2611 212 2675 tia
231 2635 268 2676 ac
295 2611 473 2678 feliciorum
496 2615 678 2706 temporum
704 2613 927 2714 expectatione.
976 2618 1027 2681 Ah
1054 2643 1095 2682 eo

171 2710 320 2812 Pollionis
352 2725 518 2804 consulatu
545 2727 671 2791 initium
701 2747 814 2814 capere
839 2725 990 2808 Virgilius
1020 2723 1096 2791 dicit

170 2823 302 2920 aureum
322 2825 399 2894 illud
419 2855 542 2913 aarum,
567 2835 742 2920 ducemque
761 2832 896 2903 eundern
907 2830 1093 2913 Pollionem,

170 2939 259 3021 cujus
275 2940 437 3028 auspiciis
447 2963 530 3029 resp.
545 2944 653 3010 adhuc
665 2943 785 3030 optima
801 2939 1014 3004 administrata
1026 2936 1094 3002 fue·

172 3045 222 3125 rit,
237 3044 393 3112 bellorum
409 3040 547 3114 civilium
560 3051 690 3138 vestigia
703 3047 896 3113 aboliturum
909 3056 1093 3134 auguratur.

170 3149 221 3214 De
238 3153 312 3237 ipsis
329 3157 454 3240 quidam
474 3153 566 3244 pueri
582 3155 665 3220 itlius
683 3155 838 3226 natalibus
864 3165 931 3220 non
952 3173 1019 3220 esse
1045 3173 1096 3218 co-

168 3255 341 3340 gitandum,
362 3259 534 3336 vela-ersus
555 3275 602 3334 17.
621 3260 747 3344 indicat,
768 3285 832 3350 quo
848 3272 1005 3348 pacatum,
1028 3261 1094 3324 h.e

168 3364 207 3428 ab
229 3367 297 3452 ipso
319 3379 481 3454 pacatum,
513 3359 625 3436 orbem
651 3371 758 3458 patriis
780 3380 925 3448 recturus
958 3389 1026 3434 esse
1050 3367 1094 3432 ai-
